@article{zarrella2016mitre,
  title={Mitre at semeval-2016 task 6: Transfer learning for stance detection},
  author={Zarrella, Guido and Marsh, Amy},
  journal={arXiv preprint arXiv:1606.03784},
  year={2016}
}
@article{merity2017regularizing,
	title={Regularizing and optimizing LSTM language models},
	author={Merity, Stephen and Keskar, Nitish Shirish and Socher, Richard},
	journal={arXiv preprint arXiv:1708.02182},
	year={2017}
}
@article{howard2018universal,
	title={Universal language model fine-tuning for text classification},
	author={Howard, Jeremy and Ruder, Sebastian},
	journal={arXiv preprint arXiv:1801.06146},
	year={2018}
}

@inproceedings{chen2016xgboost,
  title={Xgboost: A scalable tree boosting system},
  author={Chen, Tianqi and Guestrin, Carlos},
  booktitle={Proceedings of the 22nd acm sigkdd international conference on knowledge discovery and data mining},
  pages={785--794},
  year={2016}
}

@inproceedings{ke2017lightgbm,
  title={Lightgbm: A highly efficient gradient boosting decision tree},
  author={Ke, Guolin and Meng, Qi and Finley, Thomas and Wang, Taifeng and Chen, Wei and Ma, Weidong and Ye, Qiwei and Liu, Tie-Yan},
  booktitle={Advances in neural information processing systems},
  pages={3146--3154},
  year={2017}
}

@inproceedings{ghosh-chowdhury-etal-2019-youtoo,
	title = "{\#}{Y}ou{T}oo? Detection of Personal Recollections of Sexual Harassment on Social Media",
	author = "Ghosh Chowdhury, Arijit  and
	Sawhney, Ramit  and
	Shah, Rajiv Ratn  and
	Mahata, Debanjan",
	booktitle = "Proceedings of the 57th Annual Meeting of the Association for Computational Linguistics",
	month = jul,
	year = "2019",
	address = "Florence, Italy",
	publisher = "Association for Computational Linguistics",
	url = "https://www.aclweb.org/anthology/P19-1241",
	doi = "10.18653/v1/P19-1241",
	pages = "2527--2537",
}

@inproceedings{ghosh-chowdhury-etal-2019-speak,
	title = "Speak up, Fight Back! Detection of Social Media Disclosures of Sexual Harassment",
	author = "Ghosh Chowdhury, Arijit  and
	Sawhney, Ramit  and
	Mathur, Puneet  and
	Mahata, Debanjan  and
	Ratn Shah, Rajiv",
	booktitle = "Proceedings of the 2019 Conference of the North {A}merican Chapter of the Association for Computational Linguistics: Student Research Workshop",
	month = jun,
	year = "2019",
	address = "Minneapolis, Minnesota",
	publisher = "Association for Computational Linguistics",
	url = "https://www.aclweb.org/anthology/N19-3018",
	doi = "10.18653/v1/N19-3018",
	pages = "136--146",
}
@article{pan2009survey,
	title={A survey on transfer learning},
	author={Pan, Sinno Jialin and Yang, Qiang},
	journal={IEEE Transactions on knowledge and data engineering},
	volume={22},
	number={10},
	pages={1345--1359},
	year={2009},
	publisher={IEEE}
}
@inproceedings{yosinski2014transferable,
	title={How transferable are features in deep neural networks?},
	author={Yosinski, Jason and Clune, Jeff and Bengio, Yoshua and Lipson, Hod},
	booktitle={Advances in neural information processing systems},
	pages={3320--3328},
	year={2014}
}

@manual{leaderboard,
    title = "IEEE BigMM Grand Data Challenge",
    note=" : Kaggle Leader Board : \url{https://www.kaggle.com/c/ieee-bigmm-data-challenge}",
    year = "(accessed August 7, 2020)"
}

@manual{bmgc,
    title = "IEEE BigMM Grand Challenge",
    note="\url{https://sites.google.com/iiitd.ac.in/bigmm2020datachallenge/home}",
    year = "(accessed August 7, 2020)"
}
@manual{potts,
	title  = "Sentiment Symposium Tutorial: Stemming",
	author = "Christopher Potts",
	url    = "http://sentiment.christopherpotts.net",
	note    = "\url{http://sentiment.christopherpotts.net}",
	year   = "(accessed August 6, 2020)"
}
@inproceedings{saif-etal-2014-stopwords,
	title = "On Stopwords, Filtering and Data Sparsity for Sentiment Analysis of {T}witter",
	author = "Saif, Hassan  and
	Fernandez, Miriam  and
	He, Yulan  and
	Alani, Harith",
	booktitle = "Proceedings of the Ninth International Conference on Language Resources and Evaluation ({LREC}'14)",
	month = may,
	year = "2014",
	address = "Reykjavik, Iceland",
	publisher = "European Language Resources Association (ELRA)",
	url = "http://www.lrec-conf.org/proceedings/lrec2014/pdf/292_Paper.pdf",
	pages = "810--817"
}
@article{devlin2018bert,
	title={Bert: Pre-training of deep bidirectional transformers for language understanding},
	author={Devlin, Jacob and Chang, Ming-Wei and Lee, Kenton and Toutanova, Kristina},
	journal={arXiv preprint arXiv:1810.04805},
	year={2018}
}
@article{graves2005framewise,
	title={Framewise phoneme classification with bidirectional LSTM and other neural network architectures},
	author={Graves, Alex and Schmidhuber, J{\"u}rgen},
	journal={Neural networks},
	volume={18},
	number={5-6},
	pages={602--610},
	year={2005},
	publisher={Elsevier}
}

@inproceedings{pennington2014glove,
	title={Glove: Global vectors for word representation},
	author={Pennington, Jeffrey and Socher, Richard and Manning, Christopher D},
	booktitle={Proceedings of the 2014 conference on empirical methods in natural language processing (EMNLP)},
	pages={1532--1543},
	year={2014}
}
@article{JMLR:v15:srivastava14a,
	author  = {Nitish Srivastava and Geoffrey Hinton and Alex Krizhevsky and Ilya Sutskever and Ruslan Salakhutdinov},
	title   = {Dropout: A Simple Way to Prevent Neural Networks from Overfitting},
	journal = {Journal of Machine Learning Research},
	year    = {2014},
	volume  = {15},
	number  = {56},
	pages   = {1929-1958},
	url     = {http://jmlr.org/papers/v15/srivastava14a.html}
}
@article{scikit-learn,
 title={Scikit-learn: Machine Learning in {P}ython},
 author={Pedregosa, F. and Varoquaux, G. and Gramfort, A. and Michel, V.
         and Thirion, B. and Grisel, O. and Blondel, M. and Prettenhofer, P.
         and Weiss, R. and Dubourg, V. and Vanderplas, J. and Passos, A. and
         Cournapeau, D. and Brucher, M. and Perrot, M. and Duchesnay, E.},
 journal={Journal of Machine Learning Research},
 volume={12},
 pages={2825--2830},
 year={2011}
}

@misc{chollet2015keras,
  title={Keras},
  author={Chollet, Fran\c{c}ois and others},
  year={2015},
  note="\url{https://keras.io}",
}


@article{huang2015bidirectional,
  title={Bidirectional LSTM-CRF models for sequence tagging},
  author={Huang, Zhiheng and Xu, Wei and Yu, Kai},
  journal={arXiv preprint arXiv:1508.01991},
  year={2015},
}

@article{hochreiter1997lstm,
  title={Long short-term memory},
  author={Hochreiter, Sepp and Schmidhuber, J{\"u}rgen},
  journal={Neural computation},
  volume={9},
  number={8},
  pages={1735--1780},
  year={1997},
  publisher={MIT Press}
}


@manual{hydrator,
	title  = "Documenting the Now",
	author = "Hydrator",
	note    = "\url{https://github.com/docnow/hydrator}",
	year   = "(accessed August 6, 2020)"
}

@article{Gautam_Mathur_Gosangi_Mahata_Sawhney_Shah_2020, title={\#MeTooMA: Multi-Aspect Annotations of Tweets Related to the MeToo Movement}, volume={14}, url={https://aaai.org/ojs/index.php/ICWSM/article/view/7292}, number={1}, journal={Proceedings of the International AAAI Conference on Web and Social Media}, author={Gautam, Akash and Mathur, Puneet and Gosangi, Rakesh and Mahata, Debanjan and Sawhney, Ramit and Shah, Rajiv Ratn}, year={2020}, month={May}, pages={209-216}, }
